@string{sigcomm = "{Proc. of SIGCOMM}"}
@string{mobicom= "{Proc. of MobiCom}"}
@string{imc= "{Proc. of IMC}"}
@string{hotnets= "{Proc. of HotNets}"}
@string{globecom= "{Proc. of GLOBECOM}"}
@string{pimrc= "{Proc. of PIMRC}"}
@string{wcnc="{Proc. of WCNC}"}
@string{nsdi="{Proc. of NSDI}"}
@string{infocom="{Proc. of INFOCOM}"}
@string{wren="{Proc. of WREN}"}
@string{usenix="{Proc. of USENIX}"}
@string{hotcloud="{Proc. of HOTCLOUD}"}
@string{mascots="{Proc. of MASCOTS}"}
@string{osdi = "{Proc. of OSDI}"}
@string{sosp = "{Proc. of SOSP}"}


% author = {Singla, Ankit and Singh, Atul and Ramachandran, Kishore and Xu, Lei and Zhang, Yueping},
@inproceedings{singla10,
 author = {Singla, Ankit and others},
 title = {Proteus: a topology malleable data center network},
 booktitle = hotnets,
 year = {2010},
} 



% Andersen, David G. and Kaminsky, Michael and Papagiannaki, Konstantina and Ng, T.S. Eugene and Kozuch, Michael and Ryan, Michael

@inproceedings{wang-sigcomm10,
 author = {Wang, Guohui and others},
 title = {c-Through: part-time optics in data centers},
 booktitle = sigcomm,
 year = {2010},
} 





 % title = {{NSI Antenna Measurement Solutions}},
@Misc{nsi,
  title={{NSI}},
  howpublished = "\url{http://www.nearfield.com/}",
}
@Misc{hxi,
  title={{HXI Milimeter Wave Products}},
  howpublished = "\url{http://www.hxi.com/}",
}
@Misc{flann,
  title={{Flann Microwave}},
  howpublished = "\url{http://www.flann.com/}",
}
@Misc{quinstar,
  title={{Quinstar Technology Inc.}},
  howpublished = "\url{http://www.quinstar.com/}",
}
%year = {2008}
@misc{SunMD2008,
title={Sun modular datacenter S20/D20 overview},
howpublished = "\url{http://download.oracle.com/docs/cd/E19115-01/mod.dc.s20/index.html}",
}
@Misc{ets,
  title={{ETS-Lindgren}},
  howpublished = "\url{http://ets-lindgren.com/Absorbers}",
}

@Misc{flir,
  title={{FLIR}},
  howpublished = "\url{http://www.flir.com/mcs/products/}",
}

%title={{Sidus Solutions LLC}},
@Misc{sidus,
  title={Sidus},
  howpublished = "\url{http://www.sidus-solutions.com/}",
}


%howpublished = "\url{http://uptimeinstitute.org/wp_pdf/(TUI3023)SunModularDataCenterOp_weblock.pdf}",
%year = {2007},
@misc{Sullivan07,
title={New product review: self-contained computer room in a shipping container from Sun Microsystems},
howpublished="\url{http://uptimeinstitute.org/content/view/441/390/}",

}
@article{valdes2011single,
  title={Single-element and phased-array transceiver chipsets for 60-ghz Gb/s communications},
  author={Valdes-Garcia, A. and Reynolds, S. and Natarajan, A. and Kam, D. and Liu, D. and Lai, J.W. and Huang, Y.L.O. and Chen, P.Y. and Tsai, M.D. and Zhan, J.H.C. and others},
  journal={Communications Magazine, IEEE},
  volume={49},
  number={4},
  pages={120--131},
  year={2011},
  publisher={IEEE}
}

@misc{Availabilitydigest09,
title={Data center in a box},
howpublished = "\url{http://www.availabilitydigest.com/public_articles/0407/pods.pdf}",
year = {2009},
}


% author = {Y. Katayama and K. Takano and Y. Kohda and N. Ohba and D. Nakano},
@inproceedings{katayama11,
 author = {Y. Katayama and others},
 title = {Wireless data center networking with steered-beam mmWave links},
 booktitle = {WCNC},
 year = {2011},
}

@Misc{notfixedonwireless,
  title = {Data center managers not fixed on wireless},
  howpublished = "\url{http://searchdatacenter.techtarget.com/tip/Data-center-managers-not-fixed-on-wireless}",
}

% author = {Benson, Theophilus and Anand, Ashok and Akella, Aditya and Zhang, Ming},
@article{benson10,
 author = {Benson, Theophilus and others},
 title = {Understanding data center traffic characteristics},
 journal = {ACM CCR},
 volume = {40},
 year = {2010},
 pages = {92--99},
}


% author = {Benson, Theophilus and others},
@inproceedings{benson10imc,
 author = {Benson, Theophilus and Akella, Aditya and Maltz, David A.},
 title = {Network traffic characteristics of data centers in the wild},
 booktitle = imc,
 year = {2010},
}

% author = {Kandula, Srikanth and Sengupta, Sudipta and Greenberg, Albert and Patel, Parveen and Chaiken, Ronnie},
@inproceedings{kandula09,
 author = {Kandula, Srikanth and others},
 title = {The nature of data center traffic: measurements \& analysis},
 booktitle = imc,
 year = {2009},
}

@inproceedings{srikanth09,
 author = {Srikanth Kandula and Jitu Padhye and Victor Bahl},
 title = {Flyways to De-Congest Data Center Networks},
 booktitle = hotnets,
 year = {2009},
}

% author = {Daniel Halperin and Srikanth Kandula and Jitendra Padhye and Paramvir Bahl and David Wetherall},
@inproceedings{halperin11,
 author = {Daniel Halperin and others},
 title = {Augmenting data center networks with multi-gigabit wireless links},
 booktitle = sigcomm,
 year = {2011},
}

\begin{comment}
author={Sato, K. and Manabe, T. and Ihara, T. and Saito, H. and Ito, S. and Tanaka, T. and Sugai, K. and Ohmi, N. and Murakami, Y. and Shibayama, M. and Konishi, Y. and Kimura, T.},
\end{comment}
@ARTICLE{sato97,
author={Sato, K. and others},
journal={IEEE Trans. on Antennas and Propagation},
title={Measurements of reflection and transmission characteristics of interior structures of office building in the {60-GHz} band},
year={1997},
volume={45},
number={12},
pages={1783 -1792},
}

\begin{comment}
author={Ahmadi-Shokouh, J. and Noghanian, S. and Hossain, E. and Ostadrahimi, M. and Dietrich, J.},
\end{comment}
@inproceedings{ahmadi09,
author={Ahmadi-Shokouh, J. and others},
booktitle=globecom,
title={Reflection Coefficient Measurement for House Flooring Materials at 57-64 {GHz}},
year={2009},
}

@inproceedings{langen94,
author={Langen, B. and Lober, G. and Herzig, W.},
booktitle=pimrc,
title={Reflection and transmission behavior of building materials at 60 {GHz}},
year={1994},
}

@BOOK{kelleher64,
   author = {K.S. Kelleher},
   title = {The Microwave Engineers' Handbook and Buyers' Guide},
   publisher = {New York: Horizon Press},
   edition = {5th},
   year = {1964},
}

@ARTICLE{knop72,
author={ Knop, C. and Wiesenfarth, H.},
journal={IEEE Trans. on Antennas and Propagation},
title={On the radiation from an open-ended corrugated pipe carrying the {HE11} mode},
year={1972},
pages={ 644 - 648},
}

%author={Vardhan, H. and Thomas, N. and Seong-Ryong Ryu and Banerjee, B. and Prakash, R.},
@inproceedings{vardhan10,
author={Vardhan, H. and others},
booktitle=globecom,
title={Wireless Data Center with Millimeter Wave Network},
year={2010},
}

\begin{comment}
   author = {Zagatin, V. and others},
\end{comment}
@article {zagatin00,
   author = {Zagatin, V. and Meriakri, V. and Misezhnikov, G. and Chigryai, E. and Shteinshleiger, V.},
   title = {Reflection and absorption characteristics of various physical objects in a millimeter radio-wave range},
   journal = {Doklady Physics},
   pages = {510-511},
   volume = {45},
   issue = {10},
   year = {2000}
}

\begin{comment}
author={Piesiewicz, R. and others},
\end{comment}
@ARTICLE{piesie05,
author={Piesiewicz, R. and Kleine-Ostmann, T. and Krumbholz, N. and Mittleman, D. and Koch, M. and Kurner, T.},
journal={Electronic Letters},
title={Terahertz characterization of building materials},
year={2005},
volume={41},
number={18},
pages={1002-1004},
}

@BOOK{yong11,
   author = {Su-Khiong Yong and Pengfei Xia and Alberto Valdes-Garcia},
   title = {{60 GHz} Technology for {Gbps WLAN} and {WPAN}: From Theory to Practice},
   publisher = {{WILEY}},
   year = {2011},
}

@BOOK{goldsmith05,
   author = {Andrea Goldsmith},
   title = {Wireless Communications},
   publisher = {{Cambridge University Press}},
   year = {2005},
}

%author={K. Ranachandran and R. Kokku and R. Mahindra and S. Rangarajan},
@ARTICLE{ranachandran08,
author={K. Ranachandran and others},
journal={{NEC} Technical Report},
title={60{GHz} data-center networking: wireless =$>$ worryless?},
year={2008},
}



@inproceedings{Manabe95,
author={Manabe, T. and Miura, Y. and Ihara, T.},
booktitle=pimrc,
title={Effects of antenna directivity on indoor multipath propagation characteristics at 60{GHz}},
year={1995},
}


@article{Anderson93,
author = {Anderson, Harry R.},
title = {A ray-tracing propagation model for digital broadcast systems in urban area},
journal = {IEEE Trans. Broadcasting},
volume = {39},
year = {1993},
pages ={309--317}
}


@phdthesis{Laurenson94,
author = {Laurenson, David I.},
title = {Indoor radio channel propagation modeling by ray tracing},
school = {The University of Edinburgh},
year = {1994}
}

%author = {Violette, Edmond J. and others},
@article{violette88,
author = {Violette, Edmond J. and Espeland, Richard H. and Debolt, Robert O. and Schwering, Felix},
title = {Millimeter-wave propagation at street level in an urban environment},
journal = {IEEE Trans. Geoscience and Remote Sensing},
volume = {26},
year = {1988},
pages ={368--380}
}


@ARTICLE{violette88report,
author={Violette, Edmond and Espeland, Richard and Allen, Kenneth C.},
journal={NTIA Report},
title={Millimeter-wave propagation characteristics and channel performance for urban-suburban environments},
year={1988},
}


@ARTICLE{schonthier03,
author={Sch\"{o}nthier, J.},
journal={Tech. Report IST-2001-32686},
title={{WP3-study} ``The 60 {GHz} channel and its modelling''},
year={2003},
}

@ARTICLE{Valdes-Garcia11,
author = {Valdes-garcia, A. and others},
journal={IEEE Communications Magazine},
title={Single-element and phased-array transceiver chipsets for 60-{GHz Gb/s} communications},
year={2011},
}

%author = {Shin, Ji-Yong and Sirer, Emin GÃ¼n and Weatherspoon, Hakim and Kirovski, Darko},
@ARTICLE{shin11,
author = {Shin, Ji-Yong and others},
journal={Technical Reports, Cornell University},
title={On the Feasibility of Completely WIreless Data Centers},
year={2011},
}

@Misc{sibeam,
  title = {{SiBeam}},
  howpublished = "\url{http://sibeam.com/whitepapers/}",
}

@inProceedings{fattree,
  author = 	 {M. Al-Fares and A. Loukissas and A. Vahdat},
  title = 	 {A Scalable, Commodity Data Center Network Architecture},
  booktitle = sigcomm,
  year = 	 {2008},
}

%  author = 	 {Chuanxiong Guo and others},
@inProceedings{dcell,
  author = 	 {Chuanxiong Guo and Haitao Wu and Kun Tan and Lei Shi and Yongguang Zhang and Songwu Lu},
  title = 	 {DCell: A Scalable and Fault-Tolerant Network Structure for Data Centers},
  booktitle = sigcomm,
  year = 	 {2008},
}


%  author = 	 {Hussam Abu-Libdeh and Paolo Costa and Antony Rowstron and Greg O'Shea and Austin Donnelly},
@inProceedings{camcube,
  author = 	 {Hussam Abu-Libdeh and others},
  title = 	 {Symbiotic Routing in Future Data Centers},
  booktitle = sigcomm,
  year = 	 {2010},
}
	
%Chuanxiong Guo and Guohan Lu and Dan Li and Haitao Wu and Xuan Zhang and Yunfeng Shi and Chen Tian and Yongguang Zhang and Songwu Lu
@inProceedings{bcube,
  author = 	 {Chuanxiong Guo and others},
  title = 	 {{BCube}: a high performance, server-centric network architecture for modular data centers},
  booktitle = sigcomm,
  year = 	 {2009},
}

@inProceedings{helios,
  author = 	 {Nathan Farrington and others},
  title = 	 {Helios: A Hybrid Electrical/Optical Switch Architecture for Modular Data Centers},
  booktitle = sigcomm,
  year = 	 {2010},
}

%  author = 	 {Albert Greenberg James R. Hamilton Navendu Jain
%Srikanth Kandula Changhoon Kim Parantap Lahiri
%David A. Maltz Parveen Patel Sudipta Sengupta},
@inProceedings{vl2,
  author = 	 {A. Greenberg and others},
  title = 	 {{VL2}: A Scalable and Flexible Data Center Network},
  booktitle = sigcomm,
  year = 	 {2009},
}

@Misc{802.11ad,
  title = {{IEEE P802.11ad/D0.1: Enhancements for very high throughput in the 60 GHz band.}},
  howpublished = {Draft 0.1, June 2010},
}

%author = {X. Liu and A. Sheth and M. Kaminsky and K. Papagiannaki and 	S. Seshan and P. Steenkiste},
@inproceedings{liu09,
   author = {Xin Liu and others},
   title = {{DIRC}: Increasing Indoor Wireless Capacity Using Directional Antennas},
   booktitle = sigcomm,
   year = {2009},
}

%author = {Mohammad Al-fares and Sivasankar Radhakrishnan and Barath Raghavan and Nelson Huang and Amin Vahdat},
@inproceedings{ai-fares10,
    author = {Mohammad Al-fares and others},
    title = {Hedera: Dynamic flow scheduling for data center networks},
    booktitle = nsdi,
    year = {2010}
}


%author={Curtis, A.R. and Wonho Kim and Yalagandula, P.},
@inproceedings{Mahout,
	author={Curtis, A.R. and Wonho Kim and Yalagandula, P.},
	booktitle={INFOCOM},
	title={Mahout: Low-overhead datacenter traffic management using end-host-based elephant detection},
	year={2011},
}


% 	author = {Theophilus Benson and others},
@inproceedings{fineTE,
author = {Benson, Theophilus and Anand, Ashok and Akella, Aditya and Zhang, Ming},
 	title = {The case for fine-grained traffic engineering in data centers},
 	booktitle = wren,
 	series = {INM/WREN'10},
 	year = {2010},
}

% 	author = {Mudigonda and others},
@inproceedings{Tamecable,
author = {Mudigonda, Jayaram and Yalagandula, Praveen and Mogul, Jeffrey C.},
 	title = {Taming the flying cable monster: a topology design and optimization framework for data-center networks},
 	booktitle = usenix,
 	series = {USENIXATC'11},
 	year = {2011},
}


%	author    = {Ankit Singla and others},
@inproceedings{jellyfish,
author    = {Ankit Singla and Chi-Yao Hong and Lucian Popa and Philip Brighten Godfrey},
  	title     = {Jellyfish: Networking Data Centers Randomly},
  	booktitle = hotcloud,
  	volume    = {abs/1110.1687},
  	year      = {2011},
}


% 	author = {Chen and others},
@inproceedings{Swim,
author = {Chen, Yanpei and Ganapathi, Archana and Griffith, Rean and Katz, Randy},
 	title = {The Case for Evaluating {MapReduce} Performance Using Workload Suites},
 	booktitle = mascots,
 	year = {2011},
}


%author = {Raiciu, Costin and Barre, Sebastien and Pluntke, Christopher and Greenhalgh, Adam and Wischik, Damon and Handley, Mark},
@inproceedings{multipathtcp,
 	author = {Raiciu and others},
 	title = {Improving datacenter performance and robustness with multipath {TCP}},
 	booktitle = sigcomm,
 	year = {2011},
}


% 	author = {Chowdhury and others},
@inproceedings{orchestra,
author = {Chowdhury, Mosharaf and Zaharia, Matei and Ma, Justin and Jordan, Michael I. and Stoica, Ion},
 	title = {Managing data transfers in computer clusters with orchestra},
 	booktitle = sigcomm,
 	year = {2011},
}


% 	author = {Wischik and others},
@inproceedings{multipathtcpcc,
author = {Wischik, Damon and Raiciu, Costin and Greenhalgh, Adam and Handley, Mark},
 	title = {Design, implementation and evaluation of congestion control for multipath TCP},
 	booktitle = nsdi,
 	year = {2011},
}


%author = {Hindman, Benjamin and Konwinski, Andy and Zaharia, Matei and Ghodsi, Ali and Joseph, Anthony D. and Katz, Randy and Shenker, Scott and Stoica, Ion},
@inproceedings{mesos,
 	author = {Hindman & others},
 	title = {Mesos: a platform for fine-grained resource sharing in the data center},
 	booktitle = nsdi,
 	year = {2011},
}


% 	author = {Shieh and others},
@inproceedings{Sharedc,
author = {Shieh, Alan and Kandula, Srikanth and Greenberg, Albert and Kim, Changhoon and Saha, Bikas},
 	title = {Sharing the data center network},
 	booktitle = nsdi,
 	year = {2011},
}

%author = {Heller, Brandon and Seetharaman, Srini and Mahadevan, Priya and Yiakoumis, Yiannis and Sharma, Puneet and Banerjee, Sujata and McKeown, Nick},
@inproceedings{elastictree,
 	author = {Heller and others},
 	title = {ElasticTree: saving energy in data center networks},
 	booktitle = nsdi,
 	year = {2010},
}



% 	author = {Mudigonda and others},
@inproceedings{spain,
author = {Mudigonda, Jayaram and Yalagandula, Praveen and Al-Fares, Mohammad and Mogul, Jeffrey C.},
 	title = {SPAIN: COTS data-center Ethernet for multipathing over arbitrary topologies},
 	booktitle = nsdi,
 	year = {2010},
}


% 	author = {Dean and others},
@inproceedings{MR,
author = {Dean, Jeffrey and Ghemawat, Sanjay},
 	title = {{MapReduce}: simplified data processing on large clusters},
 	booktitle = osdi,
 	year = {2004},
}



%author = {Isard, Michael and Prabhakaran, Vijayan and Currey, Jon and Wieder, Udi and Talwar, Kunal and Goldberg, Andrew},
@inproceedings{quincy,
 	author = {Isard and others},
 	title = {Quincy: fair scheduling for distributed computing clusters},
 	booktitle = sosp,
 	series = {SOSP '09},
 	year = {2009},
}


%hardware
%author={Floyd, B. and Reynolds, S. and Pfeiffer, U. and Beukema, T. and Grzyb, J. and Haymes, C.},
@inproceedings{60ghzchipset,
author={Floyd and others},
booktitle={Solid-State Circuits Conference, 2006. ISSCC 2006. Digest of Technical Papers. IEEE International},
title={A silicon 60GHz receiver and transmitter chipset for broadband communications},
year={2006},
month={feb.},
volume={},
number={},
pages={649 -658},
}


%author={Katayama, Y. and Haymes, C. and Nakano, D. and Beukema, T. and Floyd, B. and Reynolds, S. and Pfeiffer, U. and Gaucher, B. and Schleupen, K.},
@inproceedings{HDTVtransmission,
author={Y. Katayama and others},
booktitle={Consumer Communications and Networking Conference, 2007. CCNC 2007. 4th IEEE},
title={2-Gbps Uncompressed HDTV Transmission over 60-GHz SiGe Radio Link},
year={2007},
month={jan. },
volume={},
number={},
pages={12 -16},
keywords={},
doi={10.1109/CCNC.2007.10},
ISSN={},}

%author={Sheldon and others},
@inproceedings{4channel,
author={Sheldon, C. and Munkyo Seo and Torkildson, E. and Rodwell, M. and Madhow, U.},
booktitle={Microwave Symposium Digest, 2009. MTT '09. IEEE MTT-S International},
title={Four-channel spatial multiplexing over a millimeter-wave line-of-sight link},
year={2009},
month={june},
}


%author={Sheldon, C. and Torkildson, E. and Munkyo Seo and Yue, C.P. and Rodwell, M. and Madhow, U.},
@inproceedings{2channel,
author={C. Sheldon and others},
booktitle={Wireless Technology, 2008. EuWiT 2008. European Conference on},
title={Spatial multiplexing over a line-of-sight millimeter-wave MIMO link: A two-channel hardware demonstration at 1.2Gbps over 41m range},
year={2008},
month={oct.},
volume={},
number={},
pages={198 -201},
}

@inproceedings{2ndpath,
author={Tsang, Y. Ming and Poon, Ada S. Y.},
booktitle={Proc. of Allerton},
title={Successive {AoA} estimation: Revealing the second path for 60 GHz communication system},
year={2011},
}


%Control plane
% author = {Greenberg and others},
@inproceedings{NG2,
author = {Greenberg, Albert and Lahiri, Parantap and Maltz, David A. and Patel, Parveen and Sengupta, Sudipta},
 title = {Towards a next generation data center architecture: scalability and commoditization},
 booktitle = {Proc. of PRESTO},
 year = {2008},
}

% author = {Yan and others},
@inproceedings{Tesseract,
 author = {Yan, Hong and Maltz, David A. and Ng, T. S. Eugene and Gogineni, Hemant and Zhang, Hui and Cai, Zheng},
 title = {Tesseract: a 4D network control plane},
 booktitle = {Proc. of NSDI},
 year = {2007},
}


@inproceedings{Myers04,
    author = {Andy Myers and T.S. Eugene Ng and Hui Zhang},
    title = {Rethinking the Service Model: Scaling Ethernet to a Million Nodes},
    year = {2004},
    booktitle = hotnets,
}

% author = {Nikolaidis, Georgios and Zhushi, Astrit and Jamieson, Kyle and Karp, Brad},
@article{nikolaidis10,
 author = {Nikolaidis, Georgios and others},
 title = {Cone of silence: adaptively nulling interferers in wireless networks},
 journal = {SIGCOMM CCR},
 year = {2010},
}

% author = {Qiu, Lili and Zhang, Yin and Wang, Feng and Han, Mi Kyung and Mahajan, Ratul},
@inproceedings{qiu07,
 author = {Qiu, Lili and others},
 title = {A general model of wireless interference},
 booktitle = mobicom,
 year = {2007},
}

@BOOK{graphth,
   author = {Reinhard Diestel},
   title = {Graph Theory},
   publisher = {Springer-Verlag, Heidelberg},
   edition = {4th},
   year = {2010},
}

@InProceedings{zhang-hotnets11,
  author = 	 {Weile Zhang and Xia Zhou and Lei Yang and Zengbin Zhang and Ben Y. Zhao and Haitao Zheng },
  title = 	 {{3D} Beamforming for Wireless Data Centers},
  booktitle = hotnets,
  year = 	 {2011},
}

@InProceedings{deadline,
  author = 	 {Christo Wilson and Hitesh Ballani and Thomas Karagiannis and Antony Rowstron},
  title = 	 {Better Never than Late: Meeting Deadlines in Datacenter Networks},
  booktitle = sigcomm,
  year = 	 {2011},
}







@inproceedings{Myers04,

    author = {Andy Myers and T.S. Eugene Ng and Hui Zhang},

    title = {Rethinking the Service Model: Scaling Ethernet to a Million Nodes},

    year = {2004},

    series = {Hotnets'04},

}





%author = {Chen, Yanpei and Griffith, Rean and Liu, Junda and Katz, Randy H. and Joseph, Anthony D.},

@inproceedings{incast,

 author = {Chen and Others},

 title = {Understanding TCP incast throughput collapse in datacenter networks},

 booktitle = {Proceedings of the 1st ACM workshop on Research on enterprise networking},

 series = {WREN '09},

 year = {2009},

} 



%author = {Yang, Fan and Shanmugasundaram, Jayavel and Yerneni, Ramana},

@inproceedings{smallapp,
  author = {Yang, Fan and Shanmugasundaram, Jayavel and Yerneni, Ramana},
  booktitle = {Proc. of CIDR},
  title = {A Scalable Data Platform for a Large Number of Small Applications},
  year = 2009
}





%author = {Ghemawat, Sanjay and Gobioff, Howard and Leung, Shun-Tak},

@inproceedings{GFS,
 author = {Ghemawat and others},
 title = {The Google file system},
 booktitle = {Proceedings of the nineteenth ACM symposium on Operating systems principles},
 series = {SOSP '03},
 year = {2003},
 } 


%author = {Isard, Michael and Budiu, Mihai and Yu, Yuan and Birrell, Andrew and Fetterly, Dennis},

@inproceedings{dryad,
author = {Isard and others},
 title = {Dryad: distributed data-parallel programs from sequential building blocks},
 booktitle = {Proceedings of the 2nd ACM SIGOPS/EuroSys European Conference on Computer Systems 2007},
 series = {EuroSys '07},
 year = {2007},

} 


%  author = 	 {S. Kamil and L. Oliker and A. Pinar and J. Shalf},
@Article{kamil09,
  author = 	 {S. Kamil and others},
  title = 	 {Communication Requirements and Interconnect  Optimization for High-End Scientific Applications},
  journal = 	 {IEEE TPDS},
  year = 	 {2009},
volume = {21},
pages = {188-202},
}

@article{drr,
  title={Efficient fair queuing using deficit round-robin},
  author={Shreedhar, Madhavapeddi and Varghese, George},
  journal={Networking, IEEE/ACM Transactions on Networking},
  volume={4},
  number={3},
  pages={375--385},
  year={1996},
  publisher={IEEE}
}

@article{qfq,
  title={QFQ: Efficient packet scheduling with tight guarantees},
  author={Checconi, Fabio and Rizzo, Luigi and Valente, Paolo},
  journal={IEEE/ACM Transactions on Networking)},
  volume={21},
  number={3},
  pages={802--816},
  year={2013},
  publisher={IEEE Press}
}

@article{mbac,
  title={A measurement-based admission control algorithm for integrated service packet networks},
  author={Jamin, Sugih and Danzig, Peter B and Shenker, Scott J and Zhang, Lixia},
  journal={IEEE/ACM Transactions on Networking},
  volume={5},
  number={1},
  pages={56--70},
  year={1997},
  publisher={IEEE Press}
}

@article{tcp,
  title={Modified TCP congestion avoidance algorithm},
  author={Jacobson, Van},
  journal={end2end-interest mailing list},
  year={1990}
}

@inproceedings{wf2q,
  title={WF 2 Q: worst-case fair weighted fair queueing},
  author={Bennett, Jon CR and Zhang, Hui},
  booktitle={INFOCOM'96},
  volume={1},
  pages={120--128},
  year={1996},
  organization={IEEE}
}

@inproceedings{netmap,
  title={Netmap: a novel framework for fast packet I/O},
  author={Rizzo, Luigi},
  booktitle={USENIX Security},
  year={2012}
}

@article{dpdk,
  title={Data Plane Development Kit},
  journal={http://dpdk. org}
}


@article{fd,
  title={Windows Filter Driver},
  journal={https://msdn.microsoft.com/en-us/library/windows/hardware/ff545890(v=vs.85).aspx}
}

@article{aws,
  title={Amazon elastic compute cloud (Amazon EC2)},
  year={2010}
}

@inproceedings{fb,
  title={Inside the Social Network's (Datacenter) Network},
  author={Roy, Arjun and Zeng, Hongyi and Bagga, Jasmeet and Porter, George and Snoeren, Alex C},
  booktitle={SIGCOMM},
  year={2015},
}

